<record><leader>00000cas a22000007a 4500</leader><controlfield tag="001">15349443</controlfield><controlfield tag="008">870320d18uu19uupauwr ne      0    0eng d</controlfield><datafield ind1=" " ind2=" " tag="010"><subfield code="a">sn 87078474 </subfield></datafield><datafield ind1=" " ind2=" " tag="040"><subfield code="a">NPH</subfield><subfield code="b">eng</subfield><subfield code="c">NPH</subfield><subfield code="d">OCLCQ</subfield></datafield><datafield ind1=" " ind2=" " tag="042"><subfield code="a">msc</subfield></datafield><datafield ind1="0" ind2=" " tag="130"><subfield code="a">Gazette (York, Pa. : Sunday ed.)</subfield></datafield><datafield ind1="1" ind2="4" tag="245"><subfield code="a">The gazette.</subfield></datafield><datafield ind1=" " ind2=" " tag="250"><subfield code="a">Sunday ed.</subfield></datafield><datafield ind1=" " ind2=" " tag="260"><subfield code="a">York, Pa. :</subfield><subfield code="b">Gazette Co.</subfield></datafield><datafield ind1=" " ind2=" " tag="300"><subfield code="a">v.</subfield></datafield><datafield ind1=" " ind2=" " tag="310"><subfield code="a">Weekly</subfield></datafield><datafield ind1=" " ind2=" " tag="588"><subfield code="a">Description based on: Vol. 20, no. 3258 (Oct. 24, 1897).</subfield></datafield><datafield ind1=" " ind2=" " tag="752"><subfield code="a">United States</subfield><subfield code="b">Pennsylvania</subfield><subfield code="c">York</subfield><subfield code="d">York.</subfield></datafield><datafield ind1="0" ind2=" " tag="775"><subfield code="t">Semi-weekly gazette (York, Pa.)</subfield><subfield code="w">(DLC)sn 87078093</subfield></datafield><datafield ind1="0" ind2=" " tag="775"><subfield code="t">Gazette (York, Pa. : 1892 : Daily)</subfield><subfield code="w">(DLC)sn 87078097</subfield></datafield><datafield ind1="1" ind2=" " tag="029"><subfield code="a">AU@</subfield><subfield code="b">000025808372</subfield></datafield></record>